@misc{SlidingWindows,
author = {Derek Hoiem},
title = {{O}bject {C}ategory {D}etection: {S}liding {W}indows},
year = {2012},
howpublished = {\url{https://courses.engr.illinois.edu/cs543/sp2012/lectures/Lecture%2023%20-%20Sliding%20Window%20Detection%20-20Vision_Spring2012.pdf}},
urldate = {05/01/2019}
}
@misc{RcnnFrcnnYolo,
author={Rohith Gandhi},
title ={{ R}-{CNN}, {F}ast {R}-{CNN}, {F}aster {R}-{CNN}, {YOLO} - {O}bject {D}etection {A}lgorithms},
year ={2018},
howpublished ={\url{https://towardsdatascience.com/r-cnn-fast-r-cnn-faster-r-cnn-yolo-object-detection-algorithms-36d53571365e}},
urldate = {05/01/2019}
}
@misc{yolov3,
author={Redmon, Joseph and Farhadi, Ali},
title = {YOLOv3: An Incremental Improvement},
year = {2018},
howpublished = {\url{https://pjreddie.com/darknet/yolo/}},
urldate = {05/01/2019}
}
@misc{OpenCV,
author= {Intel},
title = {{O}pen {S}ource {C}omputer {V}ision {L}ibrary},
year = {2017},
howpublished = {\url{https://opencv.org/}},
urldate = {05/01/2019}
}
@misc{Keras,
author={ Fran√ßois Chollet},
title = {Keras},
year = {2015},
howpublished ={\url{https://keras.io/}},
urldate = {05/01/2019}
}
@misc{Geiger2012CVPR,
author = {Andreas Geiger and Philip Lenz and Raquel Urtasun},
title = {Are we ready for Autonomous Driving? The KITTI Vision Benchmark Suite},
year = {2012},
howpublished = {\url{http://www.cvlibs.net/datasets/kitti/eval_object.php?obj_benchmark=2d}},
urldate = {05/01/2019}
}
@misc{DaimlerDataset,
author={Dariu M. Gavrila},
title = {Pedestrian Detection},
year = {2001-2013},
howpublished = {\url{http://www.gavrila.net/Research/Pedestrian_Detection/pedestrian_detection.html}},
urldate = {05/01/2019}
}
@book{AdrianRosebrock,
title = {Deep learning for computer vision with Python.},
author={Adrian Rosebrock},
year = {},
publisher ={},
address = {}
}
@misc{PedDetCNN,
author={Mate Szarvas and Akira Yoshizawa and  Munetaka Yamamoto and Jun Ogata},
title = {Pedestrian detection with convolutional neural networks},
year = {2005},
howpublished = {\url{https://www.researchgate.net/publication/4171908_Pedestrian_detection_with_convolutional_neural_networks.}},
urldate = {05/01/2019}
}
@misc{tensorflow,
author={Google Brain},
title = {Tensorflow},
year = {2015},
howpublished ={\url{https://www.tensorflow.org/}},
urldate = {05/01/2019}
}
@misc{PedTrack,
author={The British Machine Vision Association and Society for Pattern Recognition},
title = {Pedestrian Tracking},
year = {},
howpublished = {\url{http://www.bmva.org/apps:pedestrian}},
urldate = {05/01/2019}
}
@misc{cs231nSlides,
author={{S}tanford {U}niversity},
title = {Slides 2017 cs231n},
year = {2017},
howpublished = {\url{http://cs231n.stanford.edu/slides/2017/}},
urldate = {05/01/2019}
}
@misc{youtubecs231n,
author={Fei-Fei Li and  Justin Johnson and Serena Yeung},
title = {Convolutional Neural Networks for Visual Recognition},
year = {2017},
howpublished = {\url{https://www.youtube.com/playlist?list=PL3FW7Lu3i5JvHM8ljYj-zLfQRF3EO8sYv}},
urldate = {05/01/2019}
}
@misc{cs231n,
author={Stanford University},
title = {Convolutional Neural Networks for Visual Recognition},
year = {2017},
howpublished = {\url{http://cs231n.stanford.edu/2017/}},
urldate = {05/01/2019}
}
